<record><leader>01762cam a2200337 i 45 0</leader><controlfield tag="001">6799402</controlfield><controlfield tag="003">OCoLC</controlfield><controlfield tag="005">20150204170303.0</controlfield><controlfield tag="008">141105t20152015maua     b    001 0 eng d</controlfield><datafield ind1=" " ind2=" " tag="020"><subfield code="a">1457684322</subfield></datafield><datafield ind1=" " ind2=" " tag="020"><subfield code="a">9781457684326</subfield></datafield><datafield ind1=" " ind2=" " tag="035"><subfield code="a">ocn894540472</subfield></datafield><datafield ind1=" " ind2=" " tag="040"><subfield code="a">YDXCP</subfield><subfield code="b">eng</subfield><subfield code="e">rda</subfield><subfield code="c">YDXCP</subfield><subfield code="d">BTCTA</subfield><subfield code="d">BDX</subfield><subfield code="d">OCLCQ</subfield><subfield code="d">AEVC</subfield></datafield><datafield ind1=" " ind2=" " tag="090"><subfield code="a">371.358 HEW</subfield><subfield code="b">AEVC</subfield></datafield><datafield ind1="1" ind2=" " tag="100"><subfield code="a">Hewett, Beth L.,</subfield><subfield code="e">author.</subfield></datafield><datafield ind1="0" ind2="4" tag="245"><subfield code="a">The online writing conference :</subfield><subfield code="b">a guide for teachers and tutors / </subfield><subfield code="c">Beth L. Hewett.</subfield></datafield><datafield ind1=" " ind2="1" tag="264"><subfield code="a">Boston, MA :</subfield><subfield code="b">Bedford/St. Martin's,</subfield><subfield code="c">[2015]</subfield></datafield><datafield ind1=" " ind2="4" tag="264"><subfield code="c">&#169;2015</subfield></datafield><datafield ind1=" " ind2=" " tag="300"><subfield code="a">vi, 234 pages : </subfield><subfield code="b">illustrations ;</subfield><subfield code="c">24 cm</subfield></datafield><datafield ind1=" " ind2=" " tag="336"><subfield code="a">text</subfield><subfield code="b">txt</subfield><subfield code="2">rdacontent</subfield></datafield><datafield ind1=" " ind2=" " tag="337"><subfield code="a">unmediated</subfield><subfield code="b">n</subfield><subfield code="2">rdamedia</subfield></datafield><datafield ind1=" " ind2=" " tag="338"><subfield code="a">volume</subfield><subfield code="b">nc</subfield><subfield code="2">rdacarrier</subfield></datafield><datafield ind1=" " ind2=" " tag="504"><subfield code="a">Includes bibliographical references and index.</subfield></datafield><datafield ind1=" " ind2=" " tag="505"><subfield code="a">Benefits of online teacher/tutor conferencing -- Practical matters -- Establishing trust -- Theories for writing response in online settings -- First steps for writing response in online settings -- The orneriness of language -- Using what works -- Ensuring effective conferences -- Postscript: toward a theory of conference-based teachings: 2015 update -- Appendix 1: a study of online writing instructor perceptions -- Appendix 2: direct and indirect speech in writing response: what, why, how -- Appendix 3: instructor's study guide.</subfield></datafield><datafield ind1=" " ind2=" " tag="596"><subfield code="a">3</subfield></datafield><datafield ind1=" " ind2="0" tag="650"><subfield code="a">Teleconferencing in education.</subfield></datafield><datafield ind1=" " ind2="0" tag="650"><subfield code="a">Distance education.</subfield></datafield><datafield ind1=" " ind2="0" tag="650"><subfield code="a">Educational technology.</subfield></datafield><datafield ind1=" " ind2="0" tag="650"><subfield code="a">Web-based instruction.</subfield></datafield><datafield ind1=" " ind2=" " tag="926"><subfield code="a">371.358 HEW</subfield><subfield code="w">DEWEY</subfield><subfield code="c">1</subfield><subfield code="i">33862001359441</subfield><subfield code="d">8/11/2015</subfield><subfield code="e">7/20/2015</subfield><subfield code="l">ON_SHELF</subfield><subfield code="m">NORQ_MAIN</subfield><subfield code="n">5</subfield><subfield code="p">$42.62</subfield><subfield code="r">Y</subfield><subfield code="s">Y</subfield><subfield code="t">BOOK</subfield><subfield code="u">4/8/2015</subfield></datafield><datafield ind1=" " ind2=" " tag="926"><subfield code="a">371.358 HEW</subfield><subfield code="w">DEWEY</subfield><subfield code="c">2</subfield><subfield code="i">33862001359276</subfield><subfield code="l">ON_SHELF</subfield><subfield code="m">NORQ_MAIN</subfield><subfield code="p">$42.62</subfield><subfield code="r">Y</subfield><subfield code="s">Y</subfield><subfield code="t">BOOK</subfield><subfield code="u">4/20/2015</subfield></datafield></record>